%%%%%%%%%%%%%%%%
% Fed Inflation Forecast Bibliography
% Cassandra Grafstr√∂m Christopher Gandrud
%%%%%%%%%%%%%%%%

@article{Alesina1987,
    author = {Alberto Alesina},
    title = {Macroeconomic Policy in a Two-Party System as a Repeated Game},
    year = {1987},
    journal = {Quarterly Journal of Economics},
    volume = {102},
    pages = {651-678}
}

@article{Bartels1985,
author = {Bartels, Andrew H},
title = {{Volker's Revolution at the Fed}},
journal = {Challenge},
year = {1985},
volume = {28},
number = {4},
pages = {35--42}
}

@article{Brambor2006,
author = {Brambor, Thomas and Clark, William Roberts and Golder, Matt},
title = {{Understanding Interaction Models: Improving Empirical Analyses}},
journal = {Political Analysis},
year = {2006},
volume = {14},
number = {1},
pages = {63--82}
}

@article{Bruck2006,
author = {Br{\"u}ck, Tilman and Stephan, Andreas},
title = {{Do Eurozone Countries Cheat with their Budget Deficit Forecasts?}},
journal = {Kyklos},
year = {2006},
volume = {59},
number = {1},
pages = {3--15}
}

@Article{Capistran2006,
	author = {Carlos Capistr\'{a}n},
	title = {Bias in Federal Reserve Inflation Forecasts: Is the Federal Reserve Irrational or Just Cautious?},
	journal = {Banco de M\'{e}xico Working Papers No. 2006-14},
	year = {2006}
}

@UNPUBLISHED{Clark2011,
    title = {The Fed May be Politically Independent, But it is Not Politically Indifferent},
    author = {William Clark and Vincent Arel-Bundock},
    year = {2011}
}

@article{Cochran1973,
author = {Cochran, William G and Rubin, Donald B},
title = {{Controlling Bias in Observational Studies: A Review}},
journal = {Sankhy{\=a}: The Indian Journal of Statistics},
year = {1973},
volume = {35},
number = {4},
pages = {417-446}
}

@webpage{Diamond2012,
author = {Diamond, Alexis and Sekhon, Jasjeet S},
title = {{Genetic Matching for Estimating Causal Effects: A General Multivariate Matching Method for Achieving Balance in Observational Studies}},
year = {2012}
}

@article{Drake1993,
author = {Drake, Christiana},
title = {{Effects of Misspecification of the Propensity Score on Estimates of Treatment Effect}},
journal = {Biometrics},
year = {1993},
volume = {49},
number = {4},
pages = {1231--1236}
}


@article{Ho2007,
author = {Ho, Daniel E and Imai, Kosuke and King, Gary and Stuart, Elizabeth A},
title = {{Matching as Nonparametric Preprocessing for Reducing Model Dependence in Parametric Causal Inference}},
journal = {Political Analysis},
year = {2007},
volume = {15},
pages = {199--236}
}

@INBOOK{Goodrich2007,
    author = {Ben Goodrich and Ying Lu},
    year = {2007},
    title = {normal.bayes: Bayesian Normal Linear Regression},
    booktitle = {Zelig Everyone's Statistical Software},
    editor = {Kosuke Imai and Gary King and Olivia Lau},
    url = {\url{http://gking.harvard.edu/zelig}}
}

@Article{Karamouzis1989,
	author = {Nicholas Karamouzis and Raymond Lombra},
	title = {Federal Reserve Policymaking: An Overview of the Policy Process},
	journal = {Carnegie-Rochester Conference Series on Public Policy},
	volume = {30},
	year = {1989},
	pages = {7-62}
}

@Article{matchit2011,
    title = {{MatchIt}: Nonparametric Preprocessing for Parametric Causal Inference},
    author = {Daniel E. Ho and Kosuke Imai and Gary King and Elizabeth A. Stuart},
    journal = {Journal of Statistical Software},
    year = {2011},
    volume = {42},
    number = {8},
    pages = {1--28},
    url = {\url{http://www.jstatsoft.org/v42/i08/}}
  }
  
@Manual{Zelig2012,
   title = {Zelig: Everyone's Statistical Software},
   author = {Kosuke Imai and Gary King and Olivia Lau},
   year = {2012},
   note = {R package version 3.5.5},
   url = {\url{http://CRAN.R-project.org/package=Zelig}}
}

@article{Imai2008,
author = {Imai, Kosuke and King, Gary and Lau, Olivia},
title = {{Toward A Common Framework for Statistical Analysis and Development}},
journal = {Journal of Computational and Graphical Statistics},
year = {2008},
volume = {17},
number = {4},
pages = {1--22}
}

@article{Imbens2007,
author = {Imbens, Guido W and Lemieux, Thomas},
title = {{Regression Discontinuity Designs: A Guide to Practice}},
journal = {Journal of Econometrics},
year = {2007}
}

@article{Kiefer2000,
author = {Kiefer, David},
title = {{Activist Macroeconomic Policy, Election Effects, and the Formation of Expectatios: Evidence from OECD Economies}},
journal = {Economics {\&} Politics},
year = {2000},
volume = {12},
number = {2},
pages = {137--154}
}

@inproceedings{Leisch2002,
  author = {Friedrich Leisch},
  title = {Sweave: Dynamic Generation of Statistical Reports Using
		  Literate Data Analysis},
  booktitle = {Compstat 2002 --- Proceedings in Computational
		  Statistics},
  pages = {575--580},
  year = {2002},
  editor = {Wolfgang H{\"a}rdle and Bernd R{\"o}nz},
  publisher = {Physica Verlag, Heidelberg},
  note = {ISBN 3-7908-1517-9},
  url = {\url{http://www.stat.uni-muenchen.de/~leisch/Sweave}}
}

@Manual{knitr2012,
  title = {knitr: A general-purpose package for dynamic report generation in R},
  author = {Yihui Xie},
  year = {2012},
  note = {R package version 0.7},
  url = {\url{http://CRAN.R-project.org/package=knitr}}
}

@article{Krause2000,
author = {Krause, George A},
title = {{Partisan and Ideological Sources of Fiscal Deficits in the United States}},
journal = {American Journal of Political Science},
year = {2000},
volume = {44},
number = {3},
pages = {541--559}
}

@Article{Taylor1997,
author = {John B. Taylor},
title = {Econometric models and the monetary policy process: A comment},
year = {1997},
journal = {Carnegie-Rochester Conference Series on Public Policy},
volume = {47},
pages = {39-42}
}

@Article{Hakes1988,
author = {David R. Hakes},
title = {Monetary policy and presidential elections: A nonpartisan cycle},
year = {1988},
journal = {Public Choice},
volume = {57},
pages = {175-182}
}

@Article{Tootell1996,
author = {Geoffrey M. B. Tootell},
title = {Appointment Procedures and FOMC Voting Behavior},
journal = {Southern Economic Journal},
volume = {63},
issue = {1},
year = {1996},
pages = {191-204}
}

@Article{Romer2000,
author = {Christina D. Romer and David H. Romer},
title = {Federal Reserve Information and the Behavior of Interest Rates},
journal = {American Economic Review},
volume = {90},
issue = {3},
year = {2000},
pages = {429 - 457}
}

@Article{Hibbs1994,
author = {Douglas A. Hibbs},
title = {The partisan model of macroeconomic cycles: More theory and evidence for the United States},
journal = {Economics and Politics},
volume = {6},
issue = {1},
year = {1994},
pages = {1-23}
}

@Article{Sieg1997,
author = {Gernot Sieg},
title = {A model of partisan central banks and opportunistic political business cycles},
journal = {European Journal of Political Economy},
volume = {13},
issue = {3},
year = {1997},
pages = {503-516}
}

@Book{Hibbs1987,
author = {Douglas A. Hibbs},
title = {The American Political Economy: Macroeconomics and Electoral Politics},
publisher = {Harvard University Press},
year = {1987},
address = {Cambridge, MA}
}

@Article{Cukierman1992,
author = {Alex Cukierman and Steven B. Webb and Bilin Neyapti},
title = {Measuring the Independence of Central Banks and Its Effects on Policy Outcomes},
journal = {The World Bank Economic Review},
volume = {4},
issue = {3},
year = {1992},
pages  = {353-398}
}

@Article{Reifschneider1997,
    author = {David L. Reifschneider and David J. Stockton and David W. Wilcox},
    title = {Econometric models and the monetary policy process},	
    journal = {Carnegie-Rochester Conference Series on Public Policy},
    year = {1997}, 
    volume = {47}, 
    pages = {1-37}
}

@article{tverskykahneman1974,
author = {Tversky, Amos and Kahneman, Daniel},
title = {{Judgment under Uncertainty: Heuristics and Biases}},
journal = {Science},
year = {1974},
volume = {185},
number = {4157},
pages = {1124--1131}
}

@article{kahneman2003,
author = {Kahneman, D},
title = {{Maps of Bounded Rationality: Psychology for behavioral economics}},
journal = {The American Economic Review},
year = {2003},
volume = {93},
number = {5},
pages = {1449--1475}
}



